@article{collectivemotion,
	author = {Tamas Vicsek},
	title = {Collective Motion},
	year = {2012},
	journal = {Physics Reports},
	pages = {71-134},
	volume = {517},
	howpublished = {\url{http://dx.doi.org/10.1016/j.physrep.2012.03.004}}
}

@misc{jameswainscoatphoto,
	author = {James Wainscoat},
	title = {Whale in the sky},
	year = {2019},
	note = {Accessed: 2019-03-17},
	howpublished = {\url{https://unsplash.com/photos/b7MZ6iGIoSI}}
}

@misc{boids,
	author = {Craig Reynolds},
	title = {Boids},
	year = {1986},
	note = {Accessed: 2019-02-05},
	howpublished = {\url{https://www.red3d.com/cwr/boids/}}
}

@incollection{modellingflocks,
	author = {Frank Heppner},
	title = {A Stochastic Nonlinear Model for Coordinated Bird Flocks},
	year = {1990},
	note = {Accessed: 2019-02-27},
	booktitle = {The Ubiquity of Chaos},
	publisher = {American Association for the Advancement of Science},
	editor = {Saul Krasner},
	pages = {233-238},
	howpublished = {\url{https://www.researchgate.net/publication/313166578_Ubiquity_of_Chaos_Chapter_A_Stochastic_Nonlinear_Model_for_Coordinated_Bird_Flocks}}
}

@article{diffusionadaption,
	author = {Federico S. Cattivelli},
	title = {Modeling Bird Flight Formations Using Diffusion Adaption},
	year = {2011},
	journal = {IEEE Transactions on Signal Processing},
	pages = {2038-2051},
	volume = {59},
	month = {5},
	number = {5},
	howpublished = {\url{https://ieeexplore.ieee.org/document/5699944}}
}

@article{fishschools,
	author = {Brian L. Partridge},
	title = {The Structure and Function of Fish Schools},
	year = {1982},
	journal = {Scientific American},
	pages = {114-123},
	volume = {246},
	number = {6},
	month = {6},
	howpublished = {\url{https://www.jstor.org/stable/10.2307/24966618}}
	}

@article{underwatervision,
	author = {R.J.Davies-Colley, D.G.Smith},
	title = {Optically pure waters in Waikoropupu ('Pupu') Springs, Nelson, New Zealand},
	year = {1995},
	journal = {New Zealand Journal of Marine and Freshwater Research},
	pages = {251-256},
	volume = {29},
	howpublished = {\url{http://www.tedperkins.com/nz/images/GB/65.pdf}}
	}
